@misc{yolov7,
Author = {Chien-Yao Wang and Alexey Bochkovskiy and Hong-Yuan Mark Liao},
Title = {{YOLOv}7: Trainable bag-of-freebies sets new state-of-the-art for real-time object detectors},
Year = {2022},
Eprint = {arXiv:2207.02696},
}
@online{aot_docs,
Title = {Airborne Object Tracking Challenge},
Year = {2021},
Publisher = {{Amazon Prime Air}},
url = {https://www.aicrowd.com/challenges/airborne-object-tracking-challenge},
urldate = {2022-09-01},
}
@online{aot_dataset,
Title = {Airborne Object Tracking Dataset},
Year = {2021},
Publisher = {{Amazon Prime Air}},
url = {https://registry.opendata.aws/airborne-object-tracking},
urldate = {2022-09-01},
}
@online{prime_air,
Author = {Amazon},
Title = {Amazon Prime Air Prepares for Drone Deliveries},
Year = {2022},
Publisher = {Amazon News},
url = {https://www.aboutamazon.com/news/transportation/amazon-prime-air-prepares-for-drone-deliveries},
urldate = {2022-09-01}
}
@misc{yoloz,
Author = {Aduen Benjumea and Izzeddin Teeti and Fabio Cuzzolin and Andrew Bradley},
Title = {YOLO-Z: Improving small object detection in YOLOv5 for autonomous vehicles},
Year = {2021},
Eprint = {arXiv:2112.11798},
}
@article{exyolo,
doi = {10.1016/j.procs.2021.05.048},
url = {https://doi.org/10.1016/j.procs.2021.05.048},
year = {2021},
publisher = {Elsevier {BV}},
volume = {188},
pages = {18--25},
author = {Jian Xiao},
title = {{exYOLO}: A small object detector based on {YOLOv}3 Object Detector},
journal = {Procedia Computer Science}
}
@misc{scaledyolov4,
Author = {Chien-Yao Wang and Alexey Bochkovskiy and Hong-Yuan Mark Liao},
Title = {{Scaled-YOLOv4}: Scaling Cross Stage Partial Network},
Year = {2020},
Eprint = {arXiv:2011.08036},
}
@misc{superyolo,
Author = {Jiaqing Zhang and Jie Lei and Weiying Xie and Zhenman Fang and Yunsong Li and Qian Du},
Title = {SuperYOLO: Super Resolution Assisted Object Detection in Multimodal Remote Sensing Imagery},
Year = {2022},
Eprint = {arXiv:2209.13351},
}
@misc{yolov2,
Author = {Joseph Redmon and Ali Farhadi},
Title = {YOLO9000: Better, Faster, Stronger},
Year = {2016},
Eprint = {arXiv:1612.08242},
}
@misc{yolor,
Author = {Chien-Yao Wang and I-Hau Yeh and Hong-Yuan Mark Liao},
Title = {You Only Learn One Representation: Unified Network for Multiple Tasks},
Year = {2021},
Eprint = {arXiv:2105.04206},
}

@article{yolov5,
title = {ultralytics/yolov5: v7.0 - YOLOv5 SOTA Realtime Instance Segmentation}, 
DOI = {10.5281/zenodo.7347926}, 
publisher = {Zenodo}, 
author = {Glenn Jocher and Ayush Chaurasia and Alex Stoken and Jirka Borovec and NanoCode012 and Yonghye Kwon and Kalen Michael and TaoXie and Jiacong Fang and imyhxy and et al.},
year = {2022}, 
month = nov
}
@misc{yolov4,
Author = {Alexey Bochkovskiy and Chien-Yao Wang and Hong-Yuan Mark Liao},
Title = {YOLOv4: Optimal Speed and Accuracy of Object Detection},
Year = {2020},
Eprint = {arXiv:2004.10934},
}

@misc{yolov3,
Author = {Joseph Redmon and Ali Farhadi},
Title = {YOLOv3: An Incremental Improvement},
Year = {2018},
Eprint = {arXiv:1804.02767},
}


@ARTICLE{anchoropt,
  title         = "Anchor box optimization for object detection",
  author        = "Zhong, Yuanyi and Wang, Jianfeng and Peng, Jian and Zhang, Lei",
  month         =  dec,
  year          =  2018,
  copyright     = "http://arxiv.org/licenses/nonexclusive-distrib/1.0/",
  archivePrefix = "arXiv",
  primaryClass  = "cs.CV",
  eprint        = "1812.00469"
}

@article{eiou,
  author       = {Hanyang Peng and
                  Shiqi Yu},
  title        = {A Systematic IoU-Related Method: Beyond Simplified Regression for
                  Better Localization},
  journal      = {CoRR},
  volume       = {abs/2112.01793},
  year         = {2021},
  url          = {https://arxiv.org/abs/2112.01793},
  eprinttype    = {arXiv},
  eprint       = {2112.01793},
  timestamp    = {Wed, 05 Oct 2022 14:32:43 +0200},
  biburl       = {https://dblp.org/rec/journals/corr/abs-2112-01793.bib},
  bibsource    = {dblp computer science bibliography, https://dblp.org}
}

@misc{yolox,
      title={YOLOX: Exceeding YOLO Series in 2021}, 
      author={Zheng Ge and Songtao Liu and Feng Wang and Zeming Li and Jian Sun},
      year={2021},
      eprint={2107.08430},
      archivePrefix={arXiv},
      primaryClass={cs.CV}
}

@misc{barunastra,
  author  = {Nawab Aditya and Azayaka Indaryo and Dion Solang and Muhammad Santiung and Halen Atmaja and Arya Azis and Fariz Januar and Febro Javanica and Gayuh Kautaman and Edgar Kazaksti and Ditya Nugraha and Rizki Permadani and Rayhan Ramadhan and Ricky Ramadhan and Zulieta Damayanti and Maria Valentia and Putri Sundana and Fatahillah Shodiq and Restu Waisnawa and Arkan Farhan and Alifiansyah Adifatama and Rudy Dikairono},
  title   = {Roboboat 2022: Technical Design Report {Barunastra} {ITS} Roboboat Team},
  year    = {2022},
  howpublished  = {\url{https://robonation.org/app/uploads/sites/3/2022/05/RB22_Institut-Teknologi-Sepuluh-Nopember_TDR.pdf}},
}

@misc{barunastraa,
	title = {Roboboat 2022: Technical Design Report {Barunastra} {ITS} Roboboat Team}, 
  author= {Nawab Aditya and Azayaka Indaryo and Dion Solang and Muhammad Santiung and Halen Atmaja and Arya Azis and Fariz Januar and Febro Javanica and Gayuh Kautaman and Edgar Kazaksti and Ditya Nugraha and Rizki Permadani and Rayhan Ramadhan and Ricky Ramadhan and Zulieta Damayanti and Maria Valentia and Putri Sundana and Fatahillah Shodiq and Restu Waisnawa and Arkan Farhan and Alifiansyah Adifatama and Rudy Dikairono},
  year  = 2022,
	url   = {https://roboboat.org/programs/2022/},
  urldate = {2023-01-01}
}
	

@misc{roketluarangkasa,
  title   = {Roket Luar Angkasa Discovery},
  year    = 2021,
  url     = {https://airandspace.si.edu/explore-and-learn/topics/discovery/about.cfm},
  urldate = {2021-02-03}}

@INPROCEEDINGS{vityolo,
  author={Zhang, Zixiao and Lu, Xiaoqiang and Cao, Guojin and Yang, Yuting and Jiao, Licheng and Liu, Fang},
  booktitle={2021 IEEE/CVF International Conference on Computer Vision Workshops (ICCVW)}, 
  title={ViT-YOLO:Transformer-Based YOLO for Object Detection}, 
  year={2021},
  volume={},
  number={},
  pages={2799-2808},
  doi={10.1109/ICCVW54120.2021.00314}}

@misc{elan,
      title={Designing Network Design Strategies Through Gradient Path Analysis}, 
      author={Chien-Yao Wang and Hong-Yuan Mark Liao and I-Hau Yeh},
      year={2022},
      eprint={2211.04800},
      archivePrefix={arXiv},
      primaryClass={cs.CV}
}
@software{mosaic_aug,
author = {Jocher, Glenn},
doi = {10.5281/zenodo.3908559},
license = {AGPL-3.0},
month = may,
title = {{ by Ultralytics}},
url = {https://github.com/ultralytics/yolov5},
version = {7.0},
year = {2020}
}
@misc{mosaic_aug_comment, 
      title={Implement yolo-LSTM (~+4-9 AP) for detection on video with high map and without blinking issues · issue #3114 · comment #552158041 · Alexeyab/Darknet}, 
      url={https://github.com/AlexeyAB/darknet/issues/3114#issuecomment-552158041}, 
      journal={GitHub}, 
      author={Jocher, Glenn}, 
      year={2019}, 
      month={Nov}
} 
@misc{cspnet,
      title={CSPNet: A New Backbone that can Enhance Learning Capability of CNN}, 
      author={Chien-Yao Wang and Hong-Yuan Mark Liao and I-Hau Yeh and Yueh-Hua Wu and Ping-Yang Chen and Jun-Wei Hsieh},
      year={2019},
      eprint={1911.11929},
      archivePrefix={arXiv},
      primaryClass={cs.CV}
}