@misc{yolov7,
Author = {Chien-Yao Wang and Alexey Bochkovskiy and Hong-Yuan Mark Liao},
Title = {{YOLOv}7: Trainable bag-of-freebies sets new state-of-the-art for real-time object detectors},
Year = {2022},
Eprint = {arXiv:2207.02696},
}
@online{aot_docs,
Title = {Airborne Object Tracking Challenge},
Year = {2021},
Publisher = {{Amazon Prime Air}},
url = {https://www.aicrowd.com/challenges/airborne-object-tracking-challenge},
urldate = {2022-09-01},
}
@online{aot_dataset,
Title = {Airborne Object Tracking Dataset},
Year = {2021},
Publisher = {{Amazon Prime Air}},
url = {https://registry.opendata.aws/airborne-object-tracking},
urldate = {2022-09-01},
}
@online{prime_air,
Author = {Amazon},
Title = {Amazon Prime Air Prepares for Drone Deliveries},
Year = {2022},
Publisher = {Amazon News},
url = {https://www.aboutamazon.com/news/transportation/amazon-prime-air-prepares-for-drone-deliveries},
urldate = {2022-09-01}
}
@misc{yoloz,
Author = {Aduen Benjumea and Izzeddin Teeti and Fabio Cuzzolin and Andrew Bradley},
Title = {YOLO-Z: Improving small object detection in YOLOv5 for autonomous vehicles},
Year = {2021},
Eprint = {arXiv:2112.11798},
}
@article{exyolo,
doi = {10.1016/j.procs.2021.05.048},
url = {https://doi.org/10.1016/j.procs.2021.05.048},
year = {2021},
publisher = {Elsevier {BV}},
volume = {188},
pages = {18--25},
author = {Jian Xiao},
title = {{exYOLO}: A small object detector based on {YOLOv}3 Object Detector},
journal = {Procedia Computer Science}
}
@misc{scaledyolov4,
Author = {Chien-Yao Wang and Alexey Bochkovskiy and Hong-Yuan Mark Liao},
Title = {{Scaled-YOLOv4}: Scaling Cross Stage Partial Network},
Year = {2020},
Eprint = {arXiv:2011.08036},
}
@misc{superyolo,
Author = {Jiaqing Zhang and Jie Lei and Weiying Xie and Zhenman Fang and Yunsong Li and Qian Du},
Title = {SuperYOLO: Super Resolution Assisted Object Detection in Multimodal Remote Sensing Imagery},
Year = {2022},
Eprint = {arXiv:2209.13351},
}
@misc{yolov2,
Author = {Joseph Redmon and Ali Farhadi},
Title = {YOLO9000: Better, Faster, Stronger},
Year = {2016},
Eprint = {arXiv:1612.08242},
}
@misc{yolor,
Author = {Chien-Yao Wang and I-Hau Yeh and Hong-Yuan Mark Liao},
Title = {You Only Learn One Representation: Unified Network for Multiple Tasks},
Year = {2021},
Eprint = {arXiv:2105.04206},
}

@article{yolov5,
title = {ultralytics/yolov5: v7.0 - YOLOv5 SOTA Realtime Instance Segmentation}, 
DOI = {10.5281/zenodo.7347926}, 
publisher = {Zenodo}, 
author = {Glenn Jocher and Ayush Chaurasia and Alex Stoken and Jirka Borovec and NanoCode012 and Yonghye Kwon and Kalen Michael and TaoXie and Jiacong Fang and imyhxy and et al.},
year = {2022}, 
month = {Nov}
}
@misc{yolov4,
Author = {Alexey Bochkovskiy and Chien-Yao Wang and Hong-Yuan Mark Liao},
Title = {YOLOv4: Optimal Speed and Accuracy of Object Detection},
Year = {2020},
Eprint = {arXiv:2004.10934},
}

@misc{yolov3,
Author = {Joseph Redmon and Ali Farhadi},
Title = {YOLOv3: An Incremental Improvement},
Year = {2018},
Eprint = {arXiv:1804.02767},
}


@ARTICLE{anchoropt,
  title         = "Anchor box optimization for object detection",
  author        = "Zhong, Yuanyi and Wang, Jianfeng and Peng, Jian and Zhang, Lei",
  month         =  dec,
  year          =  2018,
  copyright     = "http://arxiv.org/licenses/nonexclusive-distrib/1.0/",
  archivePrefix = "arXiv",
  primaryClass  = "cs.CV",
  eprint        = "1812.00469"
}

@article{eiou,
  author       = {Hanyang Peng and
                  Shiqi Yu},
  title        = {A Systematic IoU-Related Method: Beyond Simplified Regression for
                  Better Localization},
  journal      = {CoRR},
  volume       = {abs/2112.01793},
  year         = {2021},
  url          = {https://arxiv.org/abs/2112.01793},
  eprinttype    = {arXiv},
  eprint       = {2112.01793},
  timestamp    = {Wed, 05 Oct 2022 14:32:43 +0200},
  biburl       = {https://dblp.org/rec/journals/corr/abs-2112-01793.bib},
  bibsource    = {dblp computer science bibliography, https://dblp.org}
}

@misc{yolox,
      title={YOLOX: Exceeding YOLO Series in 2021}, 
      author={Zheng Ge and Songtao Liu and Feng Wang and Zeming Li and Jian Sun},
      year={2021},
      eprint={2107.08430},
      archivePrefix={arXiv},
      primaryClass={cs.CV}
}

@article{newton1687,
  author  = {Isaac Newton},
  journal = {Philosophi√¶ Naturalis Principia Mathematica},
  title   = {Axioms or Laws of Motion},
  year    = {1687}
}

@misc{roketluarangkasa,
  title   = {Roket Luar Angkasa Discovery},
  year    = 2021,
  url     = {https://airandspace.si.edu/explore-and-learn/topics/discovery/about.cfm},
  urldate = {2021-02-03}}
