@misc{yolov7,
Author = {Chien-Yao Wang and Alexey Bochkovskiy and Hong-Yuan Mark Liao},
Title = {{YOLOv}7: Trainable bag-of-freebies sets new state-of-the-art for real-time object detectors},
Year = {2022},
Eprint = {arXiv:2207.02696},
}
@online{aot_docs,
Title = {Airborne Object Tracking Challenge},
Year = {2021},
Publisher = {{Amazon Prime Air}},
url = {https://www.aicrowd.com/challenges/airborne-object-tracking-challenge#dataset},
urldate = {2022-09-01},
}
@misc{yoloz,
Author = {Aduen Benjumea and Izzeddin Teeti and Fabio Cuzzolin and Andrew Bradley},
Title = {YOLO-Z: Improving small object detection in YOLOv5 for autonomous vehicles},
Year = {2021},
Eprint = {arXiv:2112.11798},
}
@article{exyolo,
doi = {10.1016/j.procs.2021.05.048},
url = {https://doi.org/10.1016/j.procs.2021.05.048},
year = {2021},
publisher = {Elsevier {BV}},
volume = {188},
pages = {18--25},
author = {Jian Xiao},
title = {{exYOLO}: A small object detector based on {YOLOv}3 Object Detector},
journal = {Procedia Computer Science}
}
@misc{scaledyolov4,
Author = {Chien-Yao Wang and Alexey Bochkovskiy and Hong-Yuan Mark Liao},
Title = {{Scaled-YOLOv4}: Scaling Cross Stage Partial Network},
Year = {2020},
Eprint = {arXiv:2011.08036},
}
@misc{superyolo,
Author = {Jiaqing Zhang and Jie Lei and Weiying Xie and Zhenman Fang and Yunsong Li and Qian Du},
Title = {SuperYOLO: Super Resolution Assisted Object Detection in Multimodal Remote Sensing Imagery},
Year = {2022},
Eprint = {arXiv:2209.13351},
}
@misc{yolov2,
Author = {Joseph Redmon and Ali Farhadi},
Title = {YOLO9000: Better, Faster, Stronger},
Year = {2016},
Eprint = {arXiv:1612.08242},
}